@string{lncs   = "Lecture Notes in Computer Science"}
@string{cade   = "Proc. Conference on Automated Deduction (CADE)"}

@article{PSS02,
    Author       = "Pelletier, F.J. and Sutcliffe, G. and Suttner, C.B.",
    Year         = "2002",
    Title        = {{The Development of CASC}},
    Journal      = "AI Communications",
    Volume       = "15",
    Number       = "2-3",
    Pages        = "79-90"
}

@inproceedings{leberre+03,
  author= "Daniel Le Berre and Laurent Simon",
  title={{The Essentials of the {SAT}~2003 Competition}},
  booktitle="Sixth International Conference on Theory and Applications of Satisfiability Testing",
  volume=2919,
  year=2003,
  series="LNCS",
  pages="452-467",
  publisher="Springer"
}

@Misc{SMT-LIB,
  author = {Silvio Ranise and Cesare Tinelli},
  title  = {The {SMT-LIB} web site},
  note   = {\url{http://www.smtlib.org}}
}

@article{SMTCOMP-JAR,
      author= "Clark Barrett and Leonardo de Moura and Aaron Stump",
      title={{Design and Results of the 1st Satisfiability Modulo Theories Competition (SMT-COMP 2005)}},
      journal="Journal of Automated Reasoning",
      pages={373-390},
      publisher="Springer",
      volume=35,
      number=4,
      year=2005}

@article{SMTCOMP-FMSD,
 author = {Clark Barrett and Leonardo de Moura and Aaron Stump},
 title = {{Design and Results of the 2nd Annual Satisfiability Modulo Theories Competition (SMT-COMP 2006)}},
 journal = {Formal Methods in System Design},
 volume = {31},
 number = {3},
 year = {2007},
 pages = {221-239}
 }

@article{BDOS08,
  author    = "Clark Barrett and Morgan Deters and Albert Oliveras and Aaron Stump",
  title     = {{Design and Results of the 3rd Annual Satisfiability Modulo Theories Competition ({SMT-COMP} 2007)}},
  journal   = "International Journal on Artificial Intelligence Tools",
  volume    = {17},
  number    = {4},
  year      = {2008},
  pages     = {569-606},
}

@techreport{SMTCOMP-2008,
  author      = {Clark Barrett and Morgan Deters and Albert Oliveras and Aaron Stump},
  title       = {{Design and Results of the 4th Annual Satisfiability Modulo Theories Competition (SMT-COMP 2008)}},
  institution = {New York University},
  year        = {2010},
  number      = {TR2010-931}
}

@inproceedings{brummayer+09,
editor="B. Dutertre and O. Strichman",
title={{Fuzzing and Delta-Debugging SMT Solvers}},
author="R. Brummayer and A. Biere",
booktitle="International Workshop on Satisfiability Modulo Theories (SMT)",
year=2009}

@misc{SMTCOMP-2012,
  author = {David R. Cok and Alberto Griggio and Roberto Bruttomesso and Morgan Deters},
  title  = {{The 2012 {SMT} Competition}},
  note   = {Available online at
                  \url{http://smtcomp.sourceforge.net/2012/reports/SMTCOMP2012.pdf}}
}

@article{CSW15,
  author    = {David R. Cok and Aaron Stump and Tjark Weber},
  title     = {{The 2013 Evaluation of SMT-COMP and SMT-LIB}},
  journal   = {Journal of Automated Reasoning},
  volume    = {55},
  number    = {1},
  pages     = {61-90},
  publisher = {Springer Netherlands},
  year      = {2015},
  url       = {http://dx.doi.org/10.1007/s10817-015-9328-2}
}

@article{CDW14,
  author   = {Cok, David R. and David D{\'{e}}harbe and Tjark Weber},
  title    = {{The 2014 SMT Competition}},
  journal  = {Journal on Satisfiability, Boolean Modeling and Computation},
  volume   = {9},
  pages    = {207-242},
  year     = {2014},
  url      = {https://satassociation.org/jsat/index.php/jsat/article/view/122}
}

@article{boolector,
  title     = {Boolector 2.0 system description},
  author    = {Aina Niemetz and
               Mathias Preiner and
               Armin Biere},
  journal   = {Journal on Satisfiability, Boolean Modeling and Computation},
  volume    = {9},
  pages     = {53-58},
  year      = {2015},
  publisher = {IOS Press},
}

@inproceedings{cvc4,
  author    = {Clark Barrett and
               Christopher L. Conway and
               Morgan Deters and
               Liana Hadarean and
               Dejan Jovanovic and
               Tim King and
               Andrew Reynolds and
               Cesare Tinelli},
  editor    = {Ganesh Gopalakrishnan and
               Shaz Qadeer},
  title     = {{CVC4}},
  booktitle = {Computer Aided Verification - 23rd International Conference,
               {CAV} 2011, Snowbird, UT, USA, July 14-20, 2011. Proceedings},
  series    = {Lecture Notes in Computer Science},
  volume    = {6806},
  pages     = {171--177},
  publisher = {Springer},
  year      = {2011},
}
@inproceedings{vampire,
  author    = {Laura Kov{\'a}cs and Andrei Voronkov},
  title     = {First-Order Theorem Proving and {Vampire}},
  booktitle = {CAV 2013},
  year      = {2013},
  pages     = {1-35},
  editor    = {Natasha Sharygina and Helmut Veith},
  series    = {Lecture Notes in Computer Science},
  volume    = {8044},
  note = {\url{https://vprover.github.io/}}
}

@inProceedings{smtinterpol,
  author    = {Christ, J{\"u}rgen
               and Hoenicke, Jochen
               and Nutz, Alexander},
  editor    = {Donaldson, Alastair and Parker, David},
  title     = {{SMTInterpol}: An Interpolating {SMT} Solver},
  booktitle = {Model Checking Software},
  year      = {2012},
  publisher = {Springer Berlin Heidelberg},
  address   = {Berlin, Heidelberg},
  pages     = {248--254},
}

@inproceedings{opensmt2,
  author    = {Antti E. J. Hyv{\"{a}}rinen and Matteo Marescotti and
      Leonardo Alt and Natasha Sharygina},
  title     = {OpenSMT2: An {SMT} Solver for Multi-core and Cloud Computing},
  booktitle = {SAT 2016},
  year      = {2016},
  pages     = {547--553},
  editor    = {Nadia Creignou and Daniel Le Berre},
  series    = {Lecture Notes in Computer Science},
  volume    = {9710},
}

@article{cvc4-smtcomp18,
  author    = {Clark W. Barrett and
               Haniel Barbosa and
               Martin Brain and
               Duligur Ibeling and
               Tim King and
               Paul Meng and
               Aina Niemetz and
               Andres N{\"{o}}tzli and
               Mathias Preiner and
               Andrew Reynolds and
               Cesare Tinelli},
  title     = {{CVC4} at the {SMT} Competition 2018},
  journal   = {CoRR},
  volume    = {abs/1806.08775},
  year      = {2018},
  url       = {http://arxiv.org/abs/1806.08775},
  archivePrefix = {arXiv},
  eprint    = {1806.08775},
  timestamp = {Mon, 24 Jun 2019 15:54:16 +0200},
  biburl    = {https://dblp.org/rec/journals/corr/abs-1806-08775.bib},
  bibsource = {dblp computer science bibliography, https://dblp.org}
}

@inproceedings{verit,
  author    = {Thomas Bouton and
               Diego Caminha B. de Oliveira and
               David D{\'{e}}harbe and
               Pascal Fontaine},
  title     = {{veriT}: {A}n {O}pen, {T}rustable and {E}fficient {SMT-S}olver},
  booktitle = cade,
  pages     = {151--156},
  year      = {2009},
  url       = {http://dx.doi.org/10.1007/978-3-642-02959-2_12},
  doi       = {10.1007/978-3-642-02959-2_12},
  editor    = {Renate A. Schmidt},
  series    = lncs,
  volume    = {5663},
  publisher = {Springer},
}

@inproceedings{colibri,
  author    = {Fran{\c{c}}ois Bobot and
               Zakaria Chihani and
               Bruno Marre},
  editor    = {Martin Brain and
               Liana Hadarean},
  title     = {Real Behavior of Floating Point},
  booktitle = {Proceedings of the 15th International Workshop on Satisfiability Modulo
               Theories affiliated with the International Conference on Computer-Aided
               Verification {(CAV} 2017), Heidelberg, Germany, July 22 - 23, 2017},
  series    = {{CEUR} Workshop Proceedings},
  volume    = {1889},
  pages     = {50--62},
  publisher = {CEUR-WS.org},
  year      = {2017},
  url       = {http://ceur-ws.org/Vol-1889/paper5.pdf},
  timestamp = {Thu, 06 Jan 2022 07:35:45 +0100},
  biburl    = {https://dblp.org/rec/conf/smt/BobotCM17.bib},
  bibsource = {dblp computer science bibliography, https://dblp.org}
}

@inproceedings{cvc5,
  author    = {Haniel Barbosa and
               Clark W. Barrett and
               Martin Brain and
               Gereon Kremer and
               Hanna Lachnitt and
               Makai Mann and
               Abdalrhman Mohamed and
               Mudathir Mohamed and
               Aina Niemetz and
               Andres N{\"{o}}tzli and
               Alex Ozdemir and
               Mathias Preiner and
               Andrew Reynolds and
               Ying Sheng and
               Cesare Tinelli and
               Yoni Zohar},
  editor    = {Dana Fisman and
               Grigore Rosu},
  title     = {cvc5: {A} Versatile and Industrial-Strength {SMT} Solver},
  booktitle = {Tools and Algorithms for Construction and Analysis of
                 Systems (TACAS), Part I},
  series    = {Lecture Notes in Computer Science},
  volume    = {13243},
  pages     = {415--442},
  publisher = {Springer},
  year      = {2022},
  url       = {https://doi.org/10.1007/978-3-030-99524-9\_24},
  doi       = {10.1007/978-3-030-99524-9\_24},
  timestamp = {Fri, 01 Apr 2022 15:49:27 +0200},
  biburl    = {https://dblp.org/rec/conf/tacas/BarbosaBBKLMMMN22.bib},
  bibsource = {dblp computer science bibliography, https://dblp.org},
}

@inproceedings{spass-satt,
  author    = {Martin Bromberger and
               Mathias Fleury and
               Simon Schwarz and
               Christoph Weidenbach},
  editor    = {Pascal Fontaine},
  title     = {{SPASS-SATT} - {A} {CDCL(LA)} Solver},
  booktitle = {Automated Deduction - {CADE} 27 - 27th International Conference on
               Automated Deduction, Natal, Brazil, August 27-30, 2019, Proceedings},
  series    = {Lecture Notes in Computer Science},
  volume    = {11716},
  pages     = {111--122},
  publisher = {Springer},
  year      = {2019},
  url       = {https://doi.org/10.1007/978-3-030-29436-6\_7},
  doi       = {10.1007/978-3-030-29436-6\_7},
  timestamp = {Sat, 19 Oct 2019 20:28:02 +0200},
  biburl    = {https://dblp.org/rec/conf/cade/BrombergerFSW19.bib},
  bibsource = {dblp computer science bibliography, https://dblp.org}
}
